@manual{Anleitung,
  publisher = {TU Dortmund},
  title = {Versuchsaneitung V603 - Compton Effekt},
  year = {2020}
}
@misc{CuLit,
  title = {PHYWE: Charakteristische RoÌˆntgenstrahlung von Kupfer},
  howpublished = {\url{http://www.phywe-ru.com/index.php/fuseaction/download/lrn_file/versuchsanleitungen/P2540101/d/p2540101d.pdf}},
  note = {\today}
}