@manual{Anleitung,
  publisher = {TU Dortmund},
  title = {Versuchsaneitung V703 - Geiger Müller Zählrohr},
  year = {2020}
}
@misc{CuLit,
  title = {PHYWE: Charakteristische Röntgenstrahlung von Kupfer},
  howpublished = {\url{http://www.phywe-ru.com/index.php/fuseaction/download/lrn_file/versuchsanleitungen/P2540101/d/p2540101d.pdf}},
  note = {\today}
}
@misc{Constants,
  title = {The NIST Reference on Constants,Units and Uncertainty},
  howpublished = {\url{https://physics.nist.gov/cuu/Constants/}},
  note = {\today}
}
